<record><leader>00000cas a22000007a 4500</leader><controlfield tag="001">16653327</controlfield><controlfield tag="008">870908c19869999txudr ne      0   a0eng d</controlfield><datafield ind1=" " ind2=" " tag="010"><subfield code="a">sn 87002513 </subfield></datafield><datafield ind1=" " ind2=" " tag="040"><subfield code="a">NSD</subfield><subfield code="b">eng</subfield><subfield code="c">NSD</subfield><subfield code="d">PPM</subfield><subfield code="d">OCLCQ</subfield></datafield><datafield ind1=" " ind2=" " tag="012"><subfield code="k">1</subfield><subfield code="m">1</subfield></datafield><datafield ind1="1" ind2=" " tag="022"><subfield code="a">0895-4305</subfield><subfield code="l">0895-4305</subfield><subfield code="2">1</subfield></datafield><datafield ind1=" " ind2=" " tag="032"><subfield code="a">603240</subfield><subfield code="b">USPS</subfield></datafield><datafield ind1=" " ind2=" " tag="037"><subfield code="b">Plano Star Courier, P.O. Box 248, 801 E. Plano Pkwy., Plano, TX 75074</subfield></datafield><datafield ind1=" " ind2=" " tag="042"><subfield code="a">nsdp</subfield></datafield><datafield ind1=" " ind2="0" tag="222"><subfield code="a">Plano star courier</subfield><subfield code="b">(1986)</subfield></datafield><datafield ind1="0" ind2="0" tag="245"><subfield code="a">Plano star courier.</subfield></datafield><datafield ind1=" " ind2=" " tag="260"><subfield code="a">Plano, Tex. :</subfield><subfield code="b">John T. Williams</subfield></datafield><datafield ind1=" " ind2=" " tag="300"><subfield code="a">v.</subfield></datafield><datafield ind1=" " ind2=" " tag="310"><subfield code="a">Daily,</subfield><subfield code="b">&lt;Oct. 1, 1987-&gt;</subfield></datafield><datafield ind1=" " ind2=" " tag="321"><subfield code="a">Daily (except Saturday),</subfield><subfield code="b">&lt;Aug. 3, 1987-&gt;</subfield></datafield><datafield ind1="0" ind2=" " tag="362"><subfield code="a">Vol. 98, no. 322 (July 22, 1986)-</subfield></datafield><datafield ind1=" " ind2=" " tag="588"><subfield code="a">Latest issue consulted: Vol. 100, no. 31 (Thursday, Oct. 1, 1987).</subfield></datafield><datafield ind1=" " ind2=" " tag="752"><subfield code="a">United States</subfield><subfield code="b">Texas</subfield><subfield code="c">Collin</subfield><subfield code="d">Plano.</subfield></datafield><datafield ind1="0" ind2="0" tag="780"><subfield code="t">Plano daily star-courier</subfield><subfield code="w">(DLC)sn 94059104</subfield></datafield></record>